@book{critique,
  title =     {Critique of Pure Reason},
  author =    {Immanuel Kant and Werner S. Pluhar and Patricia Kitcher and James W. Ellington},
  publisher = {Hackett Publishing Company, Inc.},
  isbn =      {0872202577,9780872202573},
  year =      {1996},
  series =    {},
  edition =   {Paperback},
  volume =    {},
}

@book{prolegomena,
  title =     {Prolegomena to Any Future Metaphysics: That Will Be Able to Come Forward as Science: With Selections from the Critique of Pure Reason},
  author =    {Immanuel Kant and Gary Hatfield},
  publisher = {Cambridge University Press},
  isbn =      {9780521828246,0521828244,9780511184833},
  year =      {2004},
  series =    {Cambridge Texts in the History of Philosophy},
  edition =   {},
  volume =    {},
}

@book{kritik,
  title =     {Kritik Der Reinen Vernunft},
  author =    {Immanuel Kant and J. Timmermann and H. Klemme},
  publisher = {Koch, Neff \& Oetinger \& Co},
  isbn =      {3787313192,9783787313198},
  year =      {1956},
  series =    {Philosophische Bibliothek},
  edition =   {Nach der 1. und 2. Originalausg},
  volume =    {},
}
